@misc{klock14nonzeroing,
    title = "Rust {RFC}: non-zeroing dynamic drop",
    author = "Felix Klock",
    year = 2014,
    month = Sep,
    howpublished = {\url{https://github.com/rust-lang/rfcs/blob/master/text/0320-nonzeroing-dynamic-drop.md}},
    note = {Accessed: 2024-10-08},
}

@article{marr16cross,
  title={Cross-language compiler benchmarking: are we fast yet?},
  author={Marr, Stefan and Daloze, Benoit and M{\"o}ssenb{\"o}ck, Hanspeter},
  journal={{ACM} {SIGPLAN} Notices},
  volume={52},
  number={2},
  pages={120--131},
  year={2016},
  month=Nov,
  publisher={{ACM}},
}
